<record><leader>00000cas a22000001a 4500</leader><controlfield tag="001">11993905</controlfield><controlfield tag="007">hd afu---bucu</controlfield><controlfield tag="008">850503d18051821nyuwr nea     0   a0eng c</controlfield><datafield ind1=" " ind2=" " tag="010"><subfield code="a">  2004252460</subfield></datafield><datafield ind1=" " ind2=" " tag="040"><subfield code="a">VA@</subfield><subfield code="b">eng</subfield><subfield code="c">VA@</subfield><subfield code="d">IAL</subfield><subfield code="d">OCL</subfield><subfield code="d">WAU</subfield><subfield code="d">IXA</subfield><subfield code="d">OCL</subfield><subfield code="d">OCLCQ</subfield><subfield code="d">OCLCO</subfield><subfield code="d">OCLCQ</subfield><subfield code="d">OCLCA</subfield></datafield><datafield ind1=" " ind2=" " tag="042"><subfield code="a">pcc</subfield></datafield><datafield ind1=" " ind2=" " tag="043"><subfield code="a">n-us-ny</subfield></datafield><datafield ind1=" " ind2="4" tag="050"><subfield code="a">AN2.C665</subfield><subfield code="b">O87</subfield></datafield><datafield ind1="0" ind2="0" tag="245"><subfield code="a">Otsego herald.</subfield></datafield><datafield ind1=" " ind2=" " tag="260"><subfield code="a">Cooperstown, N.Y. :</subfield><subfield code="b">Elihu Phinney,</subfield><subfield code="c">1805-1821.</subfield></datafield><datafield ind1=" " ind2=" " tag="300"><subfield code="a">16 volumes :</subfield><subfield code="b">illustrations ;</subfield><subfield code="c">52 cm</subfield></datafield><datafield ind1=" " ind2=" " tag="310"><subfield code="a">Weekly</subfield></datafield><datafield ind1=" " ind2=" " tag="336"><subfield code="a">text</subfield><subfield code="b">txt</subfield><subfield code="2">rdacontent</subfield></datafield><datafield ind1=" " ind2=" " tag="337"><subfield code="a">microform</subfield><subfield code="b">h</subfield><subfield code="2">rdamedia</subfield></datafield><datafield ind1=" " ind2=" " tag="338"><subfield code="a">microfilm reel</subfield><subfield code="b">hd</subfield><subfield code="2">rdacarrier</subfield></datafield><datafield ind1="0" ind2=" " tag="362"><subfield code="a">Vol. 11, no. 547 (Sept. 19, 1805)-v. 26, no. 1349 (Jan. 29, 1821).</subfield></datafield><datafield ind1=" " ind2=" " tag="500"><subfield code="a">Imprint varies: Otsego, N.Y., Apr. 16, 1807-July 10, 1813.</subfield></datafield><datafield ind1=" " ind2=" " tag="500"><subfield code="a">Publishers: H. &amp; E. Phinney, 1813; I.W. Clark, for the Proprietors, 1813-1814; H. &amp; E. Phinney, 1814-1821.</subfield></datafield><datafield ind1=" " ind2=" " tag="533"><subfield code="a">Microfilm.</subfield><subfield code="b">New York, N.Y. :</subfield><subfield code="c">Readex Microprint.</subfield><subfield code="e">3 microfilm reels ; 35 mm.</subfield><subfield code="f">(Early American newspapers).</subfield><subfield code="n">Filmed with: Otsego herald; or, Western advertiser.</subfield><subfield code="n">Imprint varies: Naples, FL : NewsBank/Readex.</subfield></datafield><datafield ind1=" " ind2="0" tag="651"><subfield code="a">Cooperstown (N.Y.)</subfield><subfield code="v">Newspapers.</subfield></datafield><datafield ind1=" " ind2="0" tag="651"><subfield code="a">Otsego (N.Y.)</subfield><subfield code="v">Newspapers.</subfield></datafield><datafield ind1=" " ind2="0" tag="651"><subfield code="a">Otsego County (N.Y.)</subfield><subfield code="v">Newspapers.</subfield></datafield><datafield ind1="1" ind2=" " tag="700"><subfield code="a">Phinney, Elihu,</subfield><subfield code="d">1756-1813.</subfield></datafield><datafield ind1="1" ind2=" " tag="700"><subfield code="a">Clark, Israel W.,</subfield><subfield code="d">1789?-1828.</subfield></datafield><datafield ind1=" " ind2=" " tag="752"><subfield code="a">United States</subfield><subfield code="b">New York</subfield><subfield code="c">Otsego</subfield><subfield code="d">Cooperstown.</subfield></datafield><datafield ind1=" " ind2=" " tag="752"><subfield code="a">United States</subfield><subfield code="b">New York</subfield><subfield code="c">Otsego</subfield><subfield code="d">Otsego.</subfield></datafield><datafield ind1="1" ind2=" " tag="776"><subfield code="c">Original</subfield><subfield code="w">(DLC)sn 84031005</subfield><subfield code="w">(OCoLC)10847332</subfield></datafield><datafield ind1="0" ind2="0" tag="780"><subfield code="t">Otsego herald; or, Western advertiser</subfield><subfield code="w">(DLC)  2004252459</subfield><subfield code="w">(OCoLC)11990536</subfield></datafield><datafield ind1=" " ind2="0" tag="830"><subfield code="a">Early American newspapers.</subfield></datafield><datafield ind1="1" ind2=" " tag="029"><subfield code="a">AU@</subfield><subfield code="b">000025489613</subfield></datafield></record>